@ARTICLE{Wang2021,
  author={Wang, Zejiang and Zha, Jingqiang and Wang, Junmin},
  journal={IEEE Transactions on Intelligent Transportation Systems}, 
  title={Autonomous Vehicle Trajectory Following: A Flatness Model Predictive Control Approach With Hardware-in-the-Loop Verification}, 
  year={2021},
  volume={22},
  number={9},
  pages={5613-5623},
  doi={10.1109/TITS.2020.2987987},}


@INPROCEEDINGS{Hussain2011,
  author={Hussain, M.N.M. and Omar, A.M. and Samat, A.A.A.},
  booktitle={2011 IEEE International Conference on Control System, Computing and Engineering}, 
  title={Identification of Multiple Input-Single Output (MISO) model for MPPT of Photovoltaic System}, 
  year={2011},
  volume={},
  number={},
  pages={49-53},
  doi={10.1109/ICCSCE.2011.6190494}}


@INPROCEEDINGS{Donjaroennon2021,
  author={Donjaroennon, Natthapon and Nuchkum, Suphatchakan and Leeton, Uthen},
  booktitle={2021 9th International Electrical Engineering Congress (iEECON)}, 
  title={Mathematical model construction of DC Motor by closed-loop system Identification technique Using Matlab/Simulink}, 
  year={2021},
  volume={},
  number={},
  pages={289-292},
  doi={10.1109/iEECON51072.2021.9440305},}
  
@INPROCEEDINGS{Akira2009,
  author={Akira Ohata and Satoshi Komori},
  booktitle={2009 ICCAS-SICE}, 
  title={JMAAB Plant Modeling Guidelines and vehicle architecture}, 
  year={2009},
  volume={},
  number={},
  pages={484-487},
  doi={},}
  
@INPROCEEDINGS{Saruchi2015,
  author={Saruchi, Sarah Atifah and Zamzuri, Hairi and Mazlan, Saiful Amri and Ariff, Mohd Hatta Mohammed and Nordin, Muhammad Afandi Mohamad},
  booktitle={2015 10th Asian Control Conference (ASCC)}, 
  title={Active front steering for steer-by-wire vehicle via composite nonlinear feedback control}, 
  year={2015},
  volume={},
  number={},
  pages={1-6},
  doi={10.1109/ASCC.2015.7244432},}
  
@INPROCEEDINGS{Li1999,
  author={Bing Li and Ronben Wang and Youkun Zhang and Zhizhong Wang},
  booktitle={Proceedings of the IEEE International Vehicle Electronics Conference (IVEC'99) (Cat. No.99EX257)}, 
  title={Modeling of steering system of high speed intelligent vehicle by system identification}, 
  year={1999},
  volume={},
  number={},
  pages={243-246 vol.1},
  doi={10.1109/IVEC.1999.830675}}

  @INPROCEEDINGS{Adnan2010,
  author={Adnan, Ramli and Rahiman, Mohd Hezri Fazalul and Samad, Abd Manan},
  booktitle={2010 6th International Colloquium on Signal Processing   its Applications}, 
  title={Model identification and controller design for real-time control of hydraulic cylinder}, 
  year={2010},
  volume={},
  number={},
  pages={1-4},
  doi={10.1109/CSPA.2010.5545309}}
  
@INPROCEEDINGS{Liu2017,
  author={Liu, Meng and Li, Guoqi and Liu, Bin},
  booktitle={2017 Second International Conference on Reliability Systems Engineering (ICRSE)}, 
  title={Real-time knowledge discovery from public data of Internet to improve decision-making of Autonomous Vehicles}, 
  year={2017},
  volume={},
  number={},
  pages={1-3},
  doi={10.1109/ICRSE.2017.8030771}}
  
@INPROCEEDINGS{Prasad2020,
  author={Prasad, B.V.P. and Huang, Qing Yuan and Tang, Jing-Jou},
  booktitle={2020 International Computer Symposium (ICS)}, 
  title={Development of a Prototype EV Autonomous Vehicle for Systematic Research}, 
  year={2020},
  volume={},
  number={},
  pages={459-461},
  doi={10.1109/ICS51289.2020.00096}}

@INPROCEEDINGS{Chajan2021,
  author={Chajan, Eduard and Schulte-Tigges, Joschua and Reke, Michael and Ferrein, Alexander and Matheis, Dominik and Walter, Thomas},
  booktitle={2021 IEEE Intelligent Vehicles Symposium (IV)},
  title={GPU based model-predictive path control for self-driving vehicles},
  year={2021},
  volume={},
  number={},
  pages={1243-1248},
  doi={10.1109/IV48863.2021.9575619}}

@INPROCEEDINGS{Duong2018,
  author={Duong, Minh-Thien and Do, Truong-Dong and Le, My-Ha},
  booktitle={2018 4th International Conference on Green Technology and Sustainable Development (GTSD)},
  title={Navigating Self-Driving Vehicles Using Convolutional Neural Network},
  year={2018},
  volume={},
  number={},
  pages={607-610},
  doi={10.1109/GTSD.2018.8595533}}

@misc{DoT2017,
  author       = "U.S. Department of Transportation",
  title        = "Vehicle-to-vehicle communication technology",
  howpublished = "https://www.nhtsa.gov/technology-innovation/vehicle-vehicle-communication",
  month        = "",
  year         = "",
  note         = "",
  annote       = ""
}
@misc{example1,
  author       = "",
  title        = "Dealing with Multi-Variable Systems: Identification and Analysis",
  howpublished = "https://www.mathworks.com/help/ident/ug/dealing-with-multi-variable-systems-identification-and-analysis.html",
  month        = "",
  year         = "",
  note         = "",
  annote       = ""
}
  
  @misc{Matlab2,
  author       = "Lennart Ljung",
  title        = "Selecting Model Structures for Multivariable Systems",
  howpublished = "http://www.ece.northwestern.edu/local-apps/matlabhelp/toolbox/ident/ch3tut44.html",
  month        = "",
  year         = "2021",
  note         = "",
  annote       = ""
}
..
@misc{example3,
  author       = "",
  title        = "Identify Linear Models Using the Command Line",
  howpublished = "https://www.mathworks.com/help/ident/gs/identify-linear-models-using-the-command-line.html",
  month        = "",
  year         = "",
  note         = "",
  annote       = ""
}

@misc{Zhou2019,
  title={Machine learning for beginners: An introduction to neural networks}, 
  url={https://towardsdatascience.com/machine-learning-for-beginners-an-introduction-to-neural-networks-d49f22d238f9}, 
  journal={Medium}, 
  publisher={Towards Data Science}, 
  author={Zhou, Victor}, 
  year={2019}, 
  month={Dec}
} 

@misc{matlabNeuralNet, 
  title={Solve nonlinear time series problem using dynamic neural networks}, 
  url={https://www.mathworks.com/help/deeplearning/ref/neuralnettimeseries-app.html}, 
  journal={Neural Net Time Series}, 
  publisher={MathWorks}
}
